@inproceedings{rustgpu,
  title={GPU Programming in Rust: Implementing High-Level Abstractions in a Systems-Level Language},
  author={Holk, Eric and Pathirage, Milinda and Chauhan, Arun and Lumsdaine, Andrew and Matsakis, Nicholas D},
  booktitle={Parallel and Distributed Processing Symposium Workshops \& PhD Forum (IPDPSW), 2013 IEEE 27th International},
  pages={315--324},
  year={2013},
  organization={IEEE}
}

@article{julia,
  author    = {Jeff Bezanson and
               Stefan Karpinski and
               Viral B. Shah and
               Alan Edelman},
  title     = {Julia: {A} Fast Dynamic Language for Technical Computing},
  journal   = {CoRR},
  volume    = {abs/1209.5145},
  year      = {2012},
  url       = {http://arxiv.org/abs/1209.5145},
  timestamp = {Wed, 10 Oct 2012 21:28:55 +0200},
  biburl    = {http://dblp.uni-trier.de/rec/bib/journals/corr/abs-1209-5145},
  bibsource = {dblp computer science bibliography, http://dblp.org}
}

@InProceedings{llvm,
    author    = {Chris Lattner and Vikram Adve},
    title     = "{LLVM: A Compilation Framework for Lifelong Program Analysis \& Transformation}",
    booktitle = "{Proceedings of the 2004 International Symposium on Code Generation and Optimization (CGO'04)}",
    address   = {Palo Alto, California},
    month     = {Mar},
    year      = {2004}
  }

@article{big.LITTLE,
  author = {Peter Greenhalgh},
  title = "{big.LITTLE Processing with ARM Cortex-A15 \& Cortex-A7}",
  month = {September},
  year = {2011},
  howpublished = {ARM White Paper}
}

@article{pocl, 
year={2014},
issn={0885-7458},
journal={International Journal of Parallel Programming},
doi={10.1007/s10766-014-0320-y},
title={pocl: A Performance-Portable OpenCL Implementation},
url={http://dx.doi.org/10.1007/s10766-014-0320-y},
publisher={Springer US},
keywords={OpenCL; LLVM; GPGPU; VLIW; SIMD; Parallel programming; Heterogeneous platforms; Performance portability},
author={Jääskeläinen, Pekka and de La Lama, CarlosSánchez and Schnetter, Erik and Raiskila, Kalle and Takala, Jarmo and Berg, Heikki},
pages={1-34},
language={English}
}
